%YAML 1.1
%TAG !u! tag:unity3d.com,2011:
--- !u!1 &264824441423713236
GameObject:
  m_ObjectHideFlags: 0
  m_CorrespondingSourceObject: {fileID: 0}
  m_PrefabInstance: {fileID: 0}
  m_PrefabAsset: {fileID: 0}
  serializedVersion: 6
  m_Component:
  - component: {fileID: 641491100105083246}
  - component: {fileID: 7161216651371870701}
  - component: {fileID: 5792947929847831198}
  - component: {fileID: 5704260700822673020}
  - component: {fileID: 2278356067317597118}
  - component: {fileID: 3143144292672738878}
  - component: {fileID: 5475499469879404015}
  m_Layer: 0
  m_Name: M1911
  m_TagString: Untagged
  m_Icon: {fileID: 0}
  m_NavMeshLayer: 0
  m_StaticEditorFlags: 0
  m_IsActive: 1
--- !u!4 &641491100105083246
Transform:
  m_ObjectHideFlags: 0
  m_CorrespondingSourceObject: {fileID: 0}
  m_PrefabInstance: {fileID: 0}
  m_PrefabAsset: {fileID: 0}
  m_GameObject: {fileID: 264824441423713236}
  m_LocalRotation: {x: 0, y: 0, z: 0, w: 1}
  m_LocalPosition: {x: 0, y: 0, z: 0}
  m_LocalScale: {x: 1, y: 1, z: -1}
  m_Children:
  - {fileID: 4365868563302158859}
  - {fileID: 7771590659248220843}
  - {fileID: 3739963736781142002}
  - {fileID: 5405028840114686641}
  - {fileID: 4290987395798266341}
  - {fileID: 2058888832210259174}
  - {fileID: 1816835480173112470}
  - {fileID: 2436149224566175966}
  m_Father: {fileID: 0}
  m_RootOrder: 0
  m_LocalEulerAnglesHint: {x: 0, y: 0, z: 0}
--- !u!114 &7161216651371870701
MonoBehaviour:
  m_ObjectHideFlags: 0
  m_CorrespondingSourceObject: {fileID: 0}
  m_PrefabInstance: {fileID: 0}
  m_PrefabAsset: {fileID: 0}
  m_GameObject: {fileID: 264824441423713236}
  m_Enabled: 1
  m_EditorHideFlags: 0
  m_Script: {fileID: 11500000, guid: 8f5dc0dcca15fa146ac78831aa43c355, type: 3}
  m_Name: 
  m_EditorClassIdentifier: 
  muzzleFlash: {fileID: 2522563995255212432}
  bulletHolePrefab: {fileID: 6274525930081020319, guid: 2111fba965461dd4592be93cec43ce9e, type: 3}
  pistolEvent: {fileID: 2949878534041767286}
  fire:
    actionPath: /actions/default/in/Fire
    needsReinit: 0
--- !u!54 &5792947929847831198
Rigidbody:
  m_ObjectHideFlags: 0
  m_CorrespondingSourceObject: {fileID: 0}
  m_PrefabInstance: {fileID: 0}
  m_PrefabAsset: {fileID: 0}
  m_GameObject: {fileID: 264824441423713236}
  serializedVersion: 2
  m_Mass: 1
  m_Drag: 0
  m_AngularDrag: 0.05
  m_UseGravity: 1
  m_IsKinematic: 0
  m_Interpolate: 0
  m_Constraints: 0
  m_CollisionDetection: 0
--- !u!65 &5704260700822673020
BoxCollider:
  m_ObjectHideFlags: 0
  m_CorrespondingSourceObject: {fileID: 0}
  m_PrefabInstance: {fileID: 0}
  m_PrefabAsset: {fileID: 0}
  m_GameObject: {fileID: 264824441423713236}
  m_Material: {fileID: 0}
  m_IsTrigger: 0
  m_Enabled: 1
  serializedVersion: 2
  m_Size: {x: 0.04, y: 0.19, z: 0.31}
  m_Center: {x: 0, y: 0.07, z: -0.03}
--- !u!114 &2278356067317597118
MonoBehaviour:
  m_ObjectHideFlags: 0
  m_CorrespondingSourceObject: {fileID: 0}
  m_PrefabInstance: {fileID: 0}
  m_PrefabAsset: {fileID: 0}
  m_GameObject: {fileID: 264824441423713236}
  m_Enabled: 1
  m_EditorHideFlags: 0
  m_Script: {fileID: 11500000, guid: b93b6a877adcbf94c89a9d6e0c0e844d, type: 3}
  m_Name: 
  m_EditorClassIdentifier: 
  activateActionSetOnAttach:
    actionSetPath: 
  hideHandOnAttach: 1
  hideSkeletonOnAttach: 0
  hideControllerOnAttach: 0
  handAnimationOnPickup: 0
  setRangeOfMotionOnPickup: -1
  useHandObjectAttachmentPoint: 1
  attachEaseIn: 0
  snapAttachEaseInCurve:
    serializedVersion: 2
    m_Curve:
    - serializedVersion: 3
      time: 0
      value: 0
      inSlope: 0
      outSlope: 0
      tangentMode: 0
      weightedMode: 0
      inWeight: 0
      outWeight: 0
    - serializedVersion: 3
      time: 1
      value: 1
      inSlope: 0
      outSlope: 0
      tangentMode: 0
      weightedMode: 0
      inWeight: 0
      outWeight: 0
    m_PreInfinity: 2
    m_PostInfinity: 2
    m_RotationOrder: 4
  snapAttachEaseInTime: 0.15
  snapAttachEaseInCompleted: 0
  skeletonPoser: {fileID: 0}
  handFollowTransform: 1
  highlightOnHover: 1
  hideHighlight: []
  hoverPriority: 0
--- !u!114 &3143144292672738878
MonoBehaviour:
  m_ObjectHideFlags: 0
  m_CorrespondingSourceObject: {fileID: 0}
  m_PrefabInstance: {fileID: 0}
  m_PrefabAsset: {fileID: 0}
  m_GameObject: {fileID: 264824441423713236}
  m_Enabled: 1
  m_EditorHideFlags: 0
  m_Script: {fileID: 11500000, guid: 1a9272b7ab0c7494bb2597e015c4c131, type: 3}
  m_Name: 
  m_EditorClassIdentifier: 
--- !u!114 &5475499469879404015
MonoBehaviour:
  m_ObjectHideFlags: 0
  m_CorrespondingSourceObject: {fileID: 0}
  m_PrefabInstance: {fileID: 0}
  m_PrefabAsset: {fileID: 0}
  m_GameObject: {fileID: 264824441423713236}
  m_Enabled: 1
  m_EditorHideFlags: 0
  m_Script: {fileID: 11500000, guid: b8d4cc6cf300b3e4bb1411c4e041030c, type: 3}
  m_Name: 
  m_EditorClassIdentifier: 
  teleportAllowed: 1
  overrideHoverLock: 1
--- !u!1 &351793352857476321
GameObject:
  m_ObjectHideFlags: 0
  m_CorrespondingSourceObject: {fileID: 0}
  m_PrefabInstance: {fileID: 0}
  m_PrefabAsset: {fileID: 0}
  serializedVersion: 6
  m_Component:
  - component: {fileID: 4365868563302158859}
  - component: {fileID: 5002373024225617045}
  - component: {fileID: 3489711544150440010}
  - component: {fileID: 2949878534041767286}
  m_Layer: 0
  m_Name: Cube
  m_TagString: Untagged
  m_Icon: {fileID: 0}
  m_NavMeshLayer: 0
  m_StaticEditorFlags: 0
  m_IsActive: 1
--- !u!4 &4365868563302158859
Transform:
  m_ObjectHideFlags: 0
  m_CorrespondingSourceObject: {fileID: 0}
  m_PrefabInstance: {fileID: 0}
  m_PrefabAsset: {fileID: 0}
  m_GameObject: {fileID: 351793352857476321}
  m_LocalRotation: {x: -0.7071068, y: 0, z: -0, w: 0.7071068}
  m_LocalPosition: {x: -0.000073729156, y: 0.030394217, z: 0.03293371}
  m_LocalScale: {x: 0.56494075, y: 1, z: 1}
  m_Children: []
  m_Father: {fileID: 641491100105083246}
  m_RootOrder: 0
  m_LocalEulerAnglesHint: {x: 0, y: 0, z: 0}
--- !u!33 &5002373024225617045
MeshFilter:
  m_ObjectHideFlags: 0
  m_CorrespondingSourceObject: {fileID: 0}
  m_PrefabInstance: {fileID: 0}
  m_PrefabAsset: {fileID: 0}
  m_GameObject: {fileID: 351793352857476321}
  m_Mesh: {fileID: -5495902117074765545, guid: b17bef0e741019440af23e7d6cf5ffca, type: 3}
--- !u!23 &3489711544150440010
MeshRenderer:
  m_ObjectHideFlags: 0
  m_CorrespondingSourceObject: {fileID: 0}
  m_PrefabInstance: {fileID: 0}
  m_PrefabAsset: {fileID: 0}
  m_GameObject: {fileID: 351793352857476321}
  m_Enabled: 1
  m_CastShadows: 1
  m_ReceiveShadows: 1
  m_DynamicOccludee: 1
  m_MotionVectors: 1
  m_LightProbeUsage: 1
  m_ReflectionProbeUsage: 1
  m_RayTracingMode: 2
  m_RayTraceProcedural: 0
  m_RenderingLayerMask: 1
  m_RendererPriority: 0
  m_Materials:
  - {fileID: 2100000, guid: a1140149ccfea21439deef13a6a339ac, type: 2}
  m_StaticBatchInfo:
    firstSubMesh: 0
    subMeshCount: 0
  m_StaticBatchRoot: {fileID: 0}
  m_ProbeAnchor: {fileID: 0}
  m_LightProbeVolumeOverride: {fileID: 0}
  m_ScaleInLightmap: 1
  m_ReceiveGI: 1
  m_PreserveUVs: 0
  m_IgnoreNormalsForChartDetection: 0
  m_ImportantGI: 0
  m_StitchLightmapSeams: 1
  m_SelectedEditorRenderState: 3
  m_MinimumChartSize: 4
  m_AutoUVMaxDistance: 0.5
  m_AutoUVMaxAngle: 89
  m_LightmapParameters: {fileID: 0}
  m_SortingLayerID: 0
  m_SortingLayer: 0
  m_SortingOrder: 0
  m_AdditionalVertexStreams: {fileID: 0}
--- !u!114 &2949878534041767286
MonoBehaviour:
  m_ObjectHideFlags: 0
  m_CorrespondingSourceObject: {fileID: 0}
  m_PrefabInstance: {fileID: 0}
  m_PrefabAsset: {fileID: 0}
  m_GameObject: {fileID: 351793352857476321}
  m_Enabled: 1
  m_EditorHideFlags: 0
  m_Script: {fileID: 11500000, guid: 9a6610d2e704f1648819acc8d7460285, type: 3}
  m_Name: 
  m_EditorClassIdentifier: 
  CollisionTag: 
  Event: event:/Player/Pistol
  PlayEvent: 0
  StopEvent: 0
  AllowFadeout: 1
  TriggerOnce: 0
  Preload: 0
  Params: []
  OverrideAttenuation: 0
  OverrideMinDistance: 0
  OverrideMaxDistance: 0
--- !u!1 &1119381201937646188
GameObject:
  m_ObjectHideFlags: 0
  m_CorrespondingSourceObject: {fileID: 0}
  m_PrefabInstance: {fileID: 0}
  m_PrefabAsset: {fileID: 0}
  serializedVersion: 6
  m_Component:
  - component: {fileID: 1816835480173112470}
  - component: {fileID: 593210102720816636}
  - component: {fileID: 3836715449888751252}
  m_Layer: 0
  m_Name: Plane_003
  m_TagString: Untagged
  m_Icon: {fileID: 0}
  m_NavMeshLayer: 0
  m_StaticEditorFlags: 0
  m_IsActive: 1
--- !u!4 &1816835480173112470
Transform:
  m_ObjectHideFlags: 0
  m_CorrespondingSourceObject: {fileID: 0}
  m_PrefabInstance: {fileID: 0}
  m_PrefabAsset: {fileID: 0}
  m_GameObject: {fileID: 1119381201937646188}
  m_LocalRotation: {x: -0.7071068, y: 0, z: -0, w: 0.7071068}
  m_LocalPosition: {x: -0.0001580879, y: 0.07976855, z: -0.001454215}
  m_LocalScale: {x: 0.38760662, y: 0.69553536, z: 1}
  m_Children: []
  m_Father: {fileID: 641491100105083246}
  m_RootOrder: 6
  m_LocalEulerAnglesHint: {x: 0, y: 0, z: 0}
--- !u!33 &593210102720816636
MeshFilter:
  m_ObjectHideFlags: 0
  m_CorrespondingSourceObject: {fileID: 0}
  m_PrefabInstance: {fileID: 0}
  m_PrefabAsset: {fileID: 0}
  m_GameObject: {fileID: 1119381201937646188}
  m_Mesh: {fileID: 1560608302202514212, guid: b17bef0e741019440af23e7d6cf5ffca, type: 3}
--- !u!23 &3836715449888751252
MeshRenderer:
  m_ObjectHideFlags: 0
  m_CorrespondingSourceObject: {fileID: 0}
  m_PrefabInstance: {fileID: 0}
  m_PrefabAsset: {fileID: 0}
  m_GameObject: {fileID: 1119381201937646188}
  m_Enabled: 1
  m_CastShadows: 1
  m_ReceiveShadows: 1
  m_DynamicOccludee: 1
  m_MotionVectors: 1
  m_LightProbeUsage: 1
  m_ReflectionProbeUsage: 1
  m_RayTracingMode: 2
  m_RayTraceProcedural: 0
  m_RenderingLayerMask: 1
  m_RendererPriority: 0
  m_Materials:
  - {fileID: 2100000, guid: d6132cb062e1dc041ba67877002db9c0, type: 2}
  m_StaticBatchInfo:
    firstSubMesh: 0
    subMeshCount: 0
  m_StaticBatchRoot: {fileID: 0}
  m_ProbeAnchor: {fileID: 0}
  m_LightProbeVolumeOverride: {fileID: 0}
  m_ScaleInLightmap: 1
  m_ReceiveGI: 1
  m_PreserveUVs: 0
  m_IgnoreNormalsForChartDetection: 0
  m_ImportantGI: 0
  m_StitchLightmapSeams: 1
  m_SelectedEditorRenderState: 3
  m_MinimumChartSize: 4
  m_AutoUVMaxDistance: 0.5
  m_AutoUVMaxAngle: 89
  m_LightmapParameters: {fileID: 0}
  m_SortingLayerID: 0
  m_SortingLayer: 0
  m_SortingOrder: 0
  m_AdditionalVertexStreams: {fileID: 0}
--- !u!1 &1233189551839818751
GameObject:
  m_ObjectHideFlags: 0
  m_CorrespondingSourceObject: {fileID: 0}
  m_PrefabInstance: {fileID: 0}
  m_PrefabAsset: {fileID: 0}
  serializedVersion: 6
  m_Component:
  - component: {fileID: 5405028840114686641}
  - component: {fileID: 5531521473785868466}
  - component: {fileID: 2121720958111321183}
  m_Layer: 0
  m_Name: Plane
  m_TagString: Untagged
  m_Icon: {fileID: 0}
  m_NavMeshLayer: 0
  m_StaticEditorFlags: 0
  m_IsActive: 1
--- !u!4 &5405028840114686641
Transform:
  m_ObjectHideFlags: 0
  m_CorrespondingSourceObject: {fileID: 0}
  m_PrefabInstance: {fileID: 0}
  m_PrefabAsset: {fileID: 0}
  m_GameObject: {fileID: 1233189551839818751}
  m_LocalRotation: {x: 1, y: -1.1344639e-16, z: 1.1344642e-16, w: -0.00000013315805}
  m_LocalPosition: {x: -0.000032292603, y: 0.053741973, z: 0.008195794}
  m_LocalScale: {x: 0.5530245, y: 0.16741653, z: 1}
  m_Children: []
  m_Father: {fileID: 641491100105083246}
  m_RootOrder: 3
  m_LocalEulerAnglesHint: {x: 0, y: 0, z: 0}
--- !u!33 &5531521473785868466
MeshFilter:
  m_ObjectHideFlags: 0
  m_CorrespondingSourceObject: {fileID: 0}
  m_PrefabInstance: {fileID: 0}
  m_PrefabAsset: {fileID: 0}
  m_GameObject: {fileID: 1233189551839818751}
  m_Mesh: {fileID: -462981019419857548, guid: b17bef0e741019440af23e7d6cf5ffca, type: 3}
--- !u!23 &2121720958111321183
MeshRenderer:
  m_ObjectHideFlags: 0
  m_CorrespondingSourceObject: {fileID: 0}
  m_PrefabInstance: {fileID: 0}
  m_PrefabAsset: {fileID: 0}
  m_GameObject: {fileID: 1233189551839818751}
  m_Enabled: 1
  m_CastShadows: 1
  m_ReceiveShadows: 1
  m_DynamicOccludee: 1
  m_MotionVectors: 1
  m_LightProbeUsage: 1
  m_ReflectionProbeUsage: 1
  m_RayTracingMode: 2
  m_RayTraceProcedural: 0
  m_RenderingLayerMask: 1
  m_RendererPriority: 0
  m_Materials:
  - {fileID: 2100000, guid: 7f0cb2af7c4c3c14497b9dea12c43988, type: 2}
  m_StaticBatchInfo:
    firstSubMesh: 0
    subMeshCount: 0
  m_StaticBatchRoot: {fileID: 0}
  m_ProbeAnchor: {fileID: 0}
  m_LightProbeVolumeOverride: {fileID: 0}
  m_ScaleInLightmap: 1
  m_ReceiveGI: 1
  m_PreserveUVs: 0
  m_IgnoreNormalsForChartDetection: 0
  m_ImportantGI: 0
  m_StitchLightmapSeams: 1
  m_SelectedEditorRenderState: 3
  m_MinimumChartSize: 4
  m_AutoUVMaxDistance: 0.5
  m_AutoUVMaxAngle: 89
  m_LightmapParameters: {fileID: 0}
  m_SortingLayerID: 0
  m_SortingLayer: 0
  m_SortingOrder: 0
  m_AdditionalVertexStreams: {fileID: 0}
--- !u!1 &1795498254922496804
GameObject:
  m_ObjectHideFlags: 0
  m_CorrespondingSourceObject: {fileID: 0}
  m_PrefabInstance: {fileID: 0}
  m_PrefabAsset: {fileID: 0}
  serializedVersion: 6
  m_Component:
  - component: {fileID: 3739963736781142002}
  - component: {fileID: 9116935694578042151}
  - component: {fileID: 2013755476008782060}
  m_Layer: 0
  m_Name: Cube_003
  m_TagString: Untagged
  m_Icon: {fileID: 0}
  m_NavMeshLayer: 0
  m_StaticEditorFlags: 0
  m_IsActive: 1
--- !u!4 &3739963736781142002
Transform:
  m_ObjectHideFlags: 0
  m_CorrespondingSourceObject: {fileID: 0}
  m_PrefabInstance: {fileID: 0}
  m_PrefabAsset: {fileID: 0}
  m_GameObject: {fileID: 1795498254922496804}
  m_LocalRotation: {x: -0.72184336, y: -1.5977758e-17, z: 1.7248051e-16, w: 0.6920565}
  m_LocalPosition: {x: -0.00008086469, y: 0.05021412, z: 0.0369777}
  m_LocalScale: {x: 0.22891518, y: 0.48052916, z: 0.18552709}
  m_Children: []
  m_Father: {fileID: 641491100105083246}
  m_RootOrder: 2
  m_LocalEulerAnglesHint: {x: 0, y: 0, z: 0}
--- !u!33 &9116935694578042151
MeshFilter:
  m_ObjectHideFlags: 0
  m_CorrespondingSourceObject: {fileID: 0}
  m_PrefabInstance: {fileID: 0}
  m_PrefabAsset: {fileID: 0}
  m_GameObject: {fileID: 1795498254922496804}
  m_Mesh: {fileID: -7428743498174177102, guid: b17bef0e741019440af23e7d6cf5ffca, type: 3}
--- !u!23 &2013755476008782060
MeshRenderer:
  m_ObjectHideFlags: 0
  m_CorrespondingSourceObject: {fileID: 0}
  m_PrefabInstance: {fileID: 0}
  m_PrefabAsset: {fileID: 0}
  m_GameObject: {fileID: 1795498254922496804}
  m_Enabled: 1
  m_CastShadows: 1
  m_ReceiveShadows: 1
  m_DynamicOccludee: 1
  m_MotionVectors: 1
  m_LightProbeUsage: 1
  m_ReflectionProbeUsage: 1
  m_RayTracingMode: 2
  m_RayTraceProcedural: 0
  m_RenderingLayerMask: 1
  m_RendererPriority: 0
  m_Materials:
  - {fileID: 2100000, guid: 484bbc5e37a35e042ac73eb79c9b350f, type: 2}
  m_StaticBatchInfo:
    firstSubMesh: 0
    subMeshCount: 0
  m_StaticBatchRoot: {fileID: 0}
  m_ProbeAnchor: {fileID: 0}
  m_LightProbeVolumeOverride: {fileID: 0}
  m_ScaleInLightmap: 1
  m_ReceiveGI: 1
  m_PreserveUVs: 0
  m_IgnoreNormalsForChartDetection: 0
  m_ImportantGI: 0
  m_StitchLightmapSeams: 1
  m_SelectedEditorRenderState: 3
  m_MinimumChartSize: 4
  m_AutoUVMaxDistance: 0.5
  m_AutoUVMaxAngle: 89
  m_LightmapParameters: {fileID: 0}
  m_SortingLayerID: 0
  m_SortingLayer: 0
  m_SortingOrder: 0
  m_AdditionalVertexStreams: {fileID: 0}
--- !u!1 &2588603954764031848
GameObject:
  m_ObjectHideFlags: 0
  m_CorrespondingSourceObject: {fileID: 0}
  m_PrefabInstance: {fileID: 0}
  m_PrefabAsset: {fileID: 0}
  serializedVersion: 6
  m_Component:
  - component: {fileID: 2058888832210259174}
  - component: {fileID: 2304937588669330887}
  - component: {fileID: 2129438611666426726}
  m_Layer: 0
  m_Name: Plane_002
  m_TagString: Untagged
  m_Icon: {fileID: 0}
  m_NavMeshLayer: 0
  m_StaticEditorFlags: 0
  m_IsActive: 1
--- !u!4 &2058888832210259174
Transform:
  m_ObjectHideFlags: 0
  m_CorrespondingSourceObject: {fileID: 0}
  m_PrefabInstance: {fileID: 0}
  m_PrefabAsset: {fileID: 0}
  m_GameObject: {fileID: 2588603954764031848}
  m_LocalRotation: {x: 4.3297806e-17, y: -0.7071068, z: 0.7071068, w: -4.3297806e-17}
  m_LocalPosition: {x: -0.000042467105, y: 0.079144925, z: 0.048941173}
  m_LocalScale: {x: -0.14853457, y: -0.065712266, z: -1}
  m_Children: []
  m_Father: {fileID: 641491100105083246}
  m_RootOrder: 5
  m_LocalEulerAnglesHint: {x: 0, y: 0, z: 0}
--- !u!33 &2304937588669330887
MeshFilter:
  m_ObjectHideFlags: 0
  m_CorrespondingSourceObject: {fileID: 0}
  m_PrefabInstance: {fileID: 0}
  m_PrefabAsset: {fileID: 0}
  m_GameObject: {fileID: 2588603954764031848}
  m_Mesh: {fileID: -7062237550436784827, guid: b17bef0e741019440af23e7d6cf5ffca, type: 3}
--- !u!23 &2129438611666426726
MeshRenderer:
  m_ObjectHideFlags: 0
  m_CorrespondingSourceObject: {fileID: 0}
  m_PrefabInstance: {fileID: 0}
  m_PrefabAsset: {fileID: 0}
  m_GameObject: {fileID: 2588603954764031848}
  m_Enabled: 1
  m_CastShadows: 1
  m_ReceiveShadows: 1
  m_DynamicOccludee: 1
  m_MotionVectors: 1
  m_LightProbeUsage: 1
  m_ReflectionProbeUsage: 1
  m_RayTracingMode: 2
  m_RayTraceProcedural: 0
  m_RenderingLayerMask: 1
  m_RendererPriority: 0
  m_Materials:
  - {fileID: 2100000, guid: 0d635870c7e8c26428abc676fb9fa262, type: 2}
  m_StaticBatchInfo:
    firstSubMesh: 0
    subMeshCount: 0
  m_StaticBatchRoot: {fileID: 0}
  m_ProbeAnchor: {fileID: 0}
  m_LightProbeVolumeOverride: {fileID: 0}
  m_ScaleInLightmap: 1
  m_ReceiveGI: 1
  m_PreserveUVs: 0
  m_IgnoreNormalsForChartDetection: 0
  m_ImportantGI: 0
  m_StitchLightmapSeams: 1
  m_SelectedEditorRenderState: 3
  m_MinimumChartSize: 4
  m_AutoUVMaxDistance: 0.5
  m_AutoUVMaxAngle: 89
  m_LightmapParameters: {fileID: 0}
  m_SortingLayerID: 0
  m_SortingLayer: 0
  m_SortingOrder: 0
  m_AdditionalVertexStreams: {fileID: 0}
--- !u!1 &5612000404838138739
GameObject:
  m_ObjectHideFlags: 0
  m_CorrespondingSourceObject: {fileID: 0}
  m_PrefabInstance: {fileID: 0}
  m_PrefabAsset: {fileID: 0}
  serializedVersion: 6
  m_Component:
  - component: {fileID: 4290987395798266341}
  - component: {fileID: 786161508192140831}
  - component: {fileID: 3179234339167511170}
  m_Layer: 0
  m_Name: Plane_001
  m_TagString: Untagged
  m_Icon: {fileID: 0}
  m_NavMeshLayer: 0
  m_StaticEditorFlags: 0
  m_IsActive: 1
--- !u!4 &4290987395798266341
Transform:
  m_ObjectHideFlags: 0
  m_CorrespondingSourceObject: {fileID: 0}
  m_PrefabInstance: {fileID: 0}
  m_PrefabAsset: {fileID: 0}
  m_GameObject: {fileID: 5612000404838138739}
  m_LocalRotation: {x: -0.7071068, y: 0, z: -0, w: 0.7071068}
  m_LocalPosition: {x: -0.00018496891, y: 0.044352468, z: 0.0025232935}
  m_LocalScale: {x: 0.49263483, y: 1, z: 1}
  m_Children: []
  m_Father: {fileID: 641491100105083246}
  m_RootOrder: 4
  m_LocalEulerAnglesHint: {x: 0, y: 0, z: 0}
--- !u!33 &786161508192140831
MeshFilter:
  m_ObjectHideFlags: 0
  m_CorrespondingSourceObject: {fileID: 0}
  m_PrefabInstance: {fileID: 0}
  m_PrefabAsset: {fileID: 0}
  m_GameObject: {fileID: 5612000404838138739}
  m_Mesh: {fileID: -5343522263888663678, guid: b17bef0e741019440af23e7d6cf5ffca, type: 3}
--- !u!23 &3179234339167511170
MeshRenderer:
  m_ObjectHideFlags: 0
  m_CorrespondingSourceObject: {fileID: 0}
  m_PrefabInstance: {fileID: 0}
  m_PrefabAsset: {fileID: 0}
  m_GameObject: {fileID: 5612000404838138739}
  m_Enabled: 1
  m_CastShadows: 1
  m_ReceiveShadows: 1
  m_DynamicOccludee: 1
  m_MotionVectors: 1
  m_LightProbeUsage: 1
  m_ReflectionProbeUsage: 1
  m_RayTracingMode: 2
  m_RayTraceProcedural: 0
  m_RenderingLayerMask: 1
  m_RendererPriority: 0
  m_Materials:
  - {fileID: 2100000, guid: 70e6cf6aff0221e4687608bfec47a520, type: 2}
  m_StaticBatchInfo:
    firstSubMesh: 0
    subMeshCount: 0
  m_StaticBatchRoot: {fileID: 0}
  m_ProbeAnchor: {fileID: 0}
  m_LightProbeVolumeOverride: {fileID: 0}
  m_ScaleInLightmap: 1
  m_ReceiveGI: 1
  m_PreserveUVs: 0
  m_IgnoreNormalsForChartDetection: 0
  m_ImportantGI: 0
  m_StitchLightmapSeams: 1
  m_SelectedEditorRenderState: 3
  m_MinimumChartSize: 4
  m_AutoUVMaxDistance: 0.5
  m_AutoUVMaxAngle: 89
  m_LightmapParameters: {fileID: 0}
  m_SortingLayerID: 0
  m_SortingLayer: 0
  m_SortingOrder: 0
  m_AdditionalVertexStreams: {fileID: 0}
--- !u!1 &9012773649387213894
GameObject:
  m_ObjectHideFlags: 0
  m_CorrespondingSourceObject: {fileID: 0}
  m_PrefabInstance: {fileID: 0}
  m_PrefabAsset: {fileID: 0}
  serializedVersion: 6
  m_Component:
  - component: {fileID: 7771590659248220843}
  - component: {fileID: 7833138777617976502}
  - component: {fileID: 3451012872136300248}
  m_Layer: 0
  m_Name: Cube_001
  m_TagString: Untagged
  m_Icon: {fileID: 0}
  m_NavMeshLayer: 0
  m_StaticEditorFlags: 0
  m_IsActive: 1
--- !u!4 &7771590659248220843
Transform:
  m_ObjectHideFlags: 0
  m_CorrespondingSourceObject: {fileID: 0}
  m_PrefabInstance: {fileID: 0}
  m_PrefabAsset: {fileID: 0}
  m_GameObject: {fileID: 9012773649387213894}
  m_LocalRotation: {x: -0.6688978, y: -5.837235e-18, z: 6.4869907e-18, w: 0.7433544}
  m_LocalPosition: {x: -0.00004246708, y: 0.016977599, z: 0.053828485}
  m_LocalScale: {x: 0.67147183, y: 1, z: 1}
  m_Children: []
  m_Father: {fileID: 641491100105083246}
  m_RootOrder: 1
  m_LocalEulerAnglesHint: {x: 0, y: 0, z: 0}
--- !u!33 &7833138777617976502
MeshFilter:
  m_ObjectHideFlags: 0
  m_CorrespondingSourceObject: {fileID: 0}
  m_PrefabInstance: {fileID: 0}
  m_PrefabAsset: {fileID: 0}
  m_GameObject: {fileID: 9012773649387213894}
  m_Mesh: {fileID: -4817566495549845568, guid: b17bef0e741019440af23e7d6cf5ffca, type: 3}
--- !u!23 &3451012872136300248
MeshRenderer:
  m_ObjectHideFlags: 0
  m_CorrespondingSourceObject: {fileID: 0}
  m_PrefabInstance: {fileID: 0}
  m_PrefabAsset: {fileID: 0}
  m_GameObject: {fileID: 9012773649387213894}
  m_Enabled: 1
  m_CastShadows: 1
  m_ReceiveShadows: 1
  m_DynamicOccludee: 1
  m_MotionVectors: 1
  m_LightProbeUsage: 1
  m_ReflectionProbeUsage: 1
  m_RayTracingMode: 2
  m_RayTraceProcedural: 0
  m_RenderingLayerMask: 1
  m_RendererPriority: 0
  m_Materials:
  - {fileID: 2100000, guid: 2764d874dcea1894383dce528e4a5a27, type: 2}
  m_StaticBatchInfo:
    firstSubMesh: 0
    subMeshCount: 0
  m_StaticBatchRoot: {fileID: 0}
  m_ProbeAnchor: {fileID: 0}
  m_LightProbeVolumeOverride: {fileID: 0}
  m_ScaleInLightmap: 1
  m_ReceiveGI: 1
  m_PreserveUVs: 0
  m_IgnoreNormalsForChartDetection: 0
  m_ImportantGI: 0
  m_StitchLightmapSeams: 1
  m_SelectedEditorRenderState: 3
  m_MinimumChartSize: 4
  m_AutoUVMaxDistance: 0.5
  m_AutoUVMaxAngle: 89
  m_LightmapParameters: {fileID: 0}
  m_SortingLayerID: 0
  m_SortingLayer: 0
  m_SortingOrder: 0
  m_AdditionalVertexStreams: {fileID: 0}
--- !u!1001 &2432427034683315402
PrefabInstance:
  m_ObjectHideFlags: 0
  serializedVersion: 2
  m_Modification:
    m_TransformParent: {fileID: 641491100105083246}
    m_Modifications:
    - target: {fileID: 1743301284569550, guid: ad2ab49d0a2a17148bd51c93d977bdbc, type: 3}
      propertyPath: m_Name
      value: MuzzleFlash01
      objectReference: {fileID: 0}
    - target: {fileID: 4300533007854612, guid: ad2ab49d0a2a17148bd51c93d977bdbc, type: 3}
      propertyPath: m_RootOrder
      value: 7
      objectReference: {fileID: 0}
    - target: {fileID: 4300533007854612, guid: ad2ab49d0a2a17148bd51c93d977bdbc, type: 3}
      propertyPath: m_LocalScale.x
      value: 0.5
      objectReference: {fileID: 0}
    - target: {fileID: 4300533007854612, guid: ad2ab49d0a2a17148bd51c93d977bdbc, type: 3}
      propertyPath: m_LocalScale.y
      value: 0.5
      objectReference: {fileID: 0}
    - target: {fileID: 4300533007854612, guid: ad2ab49d0a2a17148bd51c93d977bdbc, type: 3}
      propertyPath: m_LocalScale.z
      value: -0.5
      objectReference: {fileID: 0}
    - target: {fileID: 4300533007854612, guid: ad2ab49d0a2a17148bd51c93d977bdbc, type: 3}
      propertyPath: m_LocalPosition.x
      value: 0
      objectReference: {fileID: 0}
    - target: {fileID: 4300533007854612, guid: ad2ab49d0a2a17148bd51c93d977bdbc, type: 3}
      propertyPath: m_LocalPosition.y
      value: 0.117
      objectReference: {fileID: 0}
    - target: {fileID: 4300533007854612, guid: ad2ab49d0a2a17148bd51c93d977bdbc, type: 3}
      propertyPath: m_LocalPosition.z
      value: -0.172
      objectReference: {fileID: 0}
    - target: {fileID: 4300533007854612, guid: ad2ab49d0a2a17148bd51c93d977bdbc, type: 3}
      propertyPath: m_LocalRotation.w
      value: 0
      objectReference: {fileID: 0}
    - target: {fileID: 4300533007854612, guid: ad2ab49d0a2a17148bd51c93d977bdbc, type: 3}
      propertyPath: m_LocalRotation.x
      value: 0
      objectReference: {fileID: 0}
    - target: {fileID: 4300533007854612, guid: ad2ab49d0a2a17148bd51c93d977bdbc, type: 3}
      propertyPath: m_LocalRotation.y
      value: 1
      objectReference: {fileID: 0}
    - target: {fileID: 4300533007854612, guid: ad2ab49d0a2a17148bd51c93d977bdbc, type: 3}
      propertyPath: m_LocalRotation.z
      value: 0
      objectReference: {fileID: 0}
    - target: {fileID: 4300533007854612, guid: ad2ab49d0a2a17148bd51c93d977bdbc, type: 3}
      propertyPath: m_LocalEulerAnglesHint.x
      value: 0
      objectReference: {fileID: 0}
    - target: {fileID: 4300533007854612, guid: ad2ab49d0a2a17148bd51c93d977bdbc, type: 3}
      propertyPath: m_LocalEulerAnglesHint.y
      value: 180
      objectReference: {fileID: 0}
    - target: {fileID: 4300533007854612, guid: ad2ab49d0a2a17148bd51c93d977bdbc, type: 3}
      propertyPath: m_LocalEulerAnglesHint.z
      value: 0
      objectReference: {fileID: 0}
    - target: {fileID: 198234346748616026, guid: ad2ab49d0a2a17148bd51c93d977bdbc, type: 3}
      propertyPath: looping
      value: 0
      objectReference: {fileID: 0}
    - target: {fileID: 198234346748616026, guid: ad2ab49d0a2a17148bd51c93d977bdbc, type: 3}
      propertyPath: lengthInSec
      value: 0.05
      objectReference: {fileID: 0}
    - target: {fileID: 198234346748616026, guid: ad2ab49d0a2a17148bd51c93d977bdbc, type: 3}
      propertyPath: UVModule.flipV
      value: 0
      objectReference: {fileID: 0}
    - target: {fileID: 198234346748616026, guid: ad2ab49d0a2a17148bd51c93d977bdbc, type: 3}
      propertyPath: InitialModule.startLifetime.scalar
      value: 0.05
      objectReference: {fileID: 0}
    - target: {fileID: 198234346748616026, guid: ad2ab49d0a2a17148bd51c93d977bdbc, type: 3}
      propertyPath: InitialModule.startColor.maxColor.b
      value: 0.740566
      objectReference: {fileID: 0}
    - target: {fileID: 198234346748616026, guid: ad2ab49d0a2a17148bd51c93d977bdbc, type: 3}
      propertyPath: InitialModule.startColor.maxColor.g
      value: 0.83314836
      objectReference: {fileID: 0}
    - target: {fileID: 198234346748616026, guid: ad2ab49d0a2a17148bd51c93d977bdbc, type: 3}
      propertyPath: InitialModule.startColor.maxColor.r
      value: 1
      objectReference: {fileID: 0}
    - target: {fileID: 198515452120210940, guid: ad2ab49d0a2a17148bd51c93d977bdbc, type: 3}
      propertyPath: lengthInSec
      value: 0.08
      objectReference: {fileID: 0}
    - target: {fileID: 198515452120210940, guid: ad2ab49d0a2a17148bd51c93d977bdbc, type: 3}
      propertyPath: UVModule.flipU
      value: 0
      objectReference: {fileID: 0}
    - target: {fileID: 198515452120210940, guid: ad2ab49d0a2a17148bd51c93d977bdbc, type: 3}
      propertyPath: UVModule.flipV
      value: 0
      objectReference: {fileID: 0}
    - target: {fileID: 198515452120210940, guid: ad2ab49d0a2a17148bd51c93d977bdbc, type: 3}
      propertyPath: InitialModule.startLifetime.scalar
      value: 0.06
      objectReference: {fileID: 0}
    - target: {fileID: 199338666435788112, guid: ad2ab49d0a2a17148bd51c93d977bdbc, type: 3}
      propertyPath: m_Flip.x
      value: 0.5
      objectReference: {fileID: 0}
    - target: {fileID: 199338666435788112, guid: ad2ab49d0a2a17148bd51c93d977bdbc, type: 3}
      propertyPath: m_Flip.y
      value: 0.5
      objectReference: {fileID: 0}
    - target: {fileID: 199338666435788112, guid: ad2ab49d0a2a17148bd51c93d977bdbc, type: 3}
      propertyPath: m_Materials.Array.size
      value: 1
      objectReference: {fileID: 0}
    - target: {fileID: 199409127382122440, guid: ad2ab49d0a2a17148bd51c93d977bdbc, type: 3}
      propertyPath: m_Flip.y
      value: 0.5
      objectReference: {fileID: 0}
    - target: {fileID: 199409127382122440, guid: ad2ab49d0a2a17148bd51c93d977bdbc, type: 3}
      propertyPath: m_Materials.Array.size
      value: 1
      objectReference: {fileID: 0}
    m_RemovedComponents: []
  m_SourcePrefab: {fileID: 100100000, guid: ad2ab49d0a2a17148bd51c93d977bdbc, type: 3}
--- !u!4 &2436149224566175966 stripped
Transform:
  m_CorrespondingSourceObject: {fileID: 4300533007854612, guid: ad2ab49d0a2a17148bd51c93d977bdbc, type: 3}
  m_PrefabInstance: {fileID: 2432427034683315402}
  m_PrefabAsset: {fileID: 0}
--- !u!198 &2522563995255212432 stripped
ParticleSystem:
  m_CorrespondingSourceObject: {fileID: 198234346748616026, guid: ad2ab49d0a2a17148bd51c93d977bdbc, type: 3}
  m_PrefabInstance: {fileID: 2432427034683315402}
  m_PrefabAsset: {fileID: 0}
